%% This BibTeX bibliography file was created using BibDesk.
%% http://bibdesk.sourceforge.net/


%% Created for Frank Ernst at 2018-06-25 13:21:39 -0400 


%% Saved with string encoding Unicode (UTF-8) 



@article{ernst-2017-142,
	Author = {Frank Ernst},
	Date-Added = {2018-06-25 17:21:32 +0000},
	Date-Modified = {2018-06-25 17:21:32 +0000},
	Fe-Source = {FE},
	Fe-Type = {Refereed},
	Journal = {Materials Characterization},
	Pages = {142-151},
	Title = {Background of {SAM} Atom-Fraction Profiles},
	Volume = {125},
	Year = {2017}}
